@book{Munkres2000Topology,
  title={Topology},
  author={Munkres, James R.},
  year={2000},
  publisher={Upper Saddle River, NJ: Prentice Hall, Inc. ISBN 978-0-13-181629-9.}
}