@Manual{R,
  title = {R: A Language and Environment for Statistical Computing},
  author = {{R Core Team}},
  organization = {R Foundation for Statistical Computing},
  address = {Vienna, Austria},
  year = {2021},
  url = {https://www.R-project.org/},
}
@Book{blogdown,
  title = {blogdown: Creating Websites with {R} Markdown},
  author = {Yihui Xie and Alison Presmanes Hill and Amber Thomas},
  publisher = {Chapman and Hall/CRC},
  address = {Boca Raton, Florida},
  year = {2017},
  note = {ISBN 978-0815363729},
  url = {https://bookdown.org/yihui/blogdown/},
}