@book{agresti2015foundations,
  title={Foundations of linear and generalized linear models},
  author={Agresti, Alan},
  year={2015},
  publisher={John Wiley \& Sons}
}
