@book{geron2019hands,
  title={Hands-on machine learning with Scikit-Learn, Keras, and TensorFlow: Concepts, tools, and techniques to build intelligent systems},
  author={G{\'e}ron, Aur{\'e}lien},
  year={2019},
  publisher={O'Reilly Media}
}