@book{blitzstein2019introduction,
  title={Introduction to probability},
  author={Blitzstein, Joseph K and Hwang, Jessica},
  year={2019},
  publisher={Chapman and Hall/CRC}
}
