@book{fitzmaurice2012applied,
  title={Applied longitudinal analysis},
  author={Fitzmaurice, Garrett M and Laird, Nan M and Ware, James H},
  volume={998},
  year={2012},
  publisher={John Wiley \& Sons}
}
@book{singer2003applied,
  title={Applied longitudinal data analysis: Modeling change and event occurrence},
  author={Singer, Judith D and Willett, John B and Willett, John B and others},
  year={2003},
  publisher={Oxford university press}
}