@book{cinlar2011probability,
  title={Probability and stochastics},
  author={Cinlar, Erhan and E. {\dh}C{\i}nlar},
  volume={261},
  year={2011},
  publisher={Springer}
}
