@book{abelson1996structure,
  title={Structure and interpretation of computer programs},
  author={Abelson, Harold and Sussman, Gerald Jay},
  year={1996},
  publisher={The MIT Press}
}