@article{van2018recovering,
  title={Recovering gene interactions from single-cell data using data diffusion},
  author={Van Dijk, David and Sharma, Roshan and Nainys, Juozas and Yim, Kristina and Kathail, Pooja and Carr, Ambrose J and Burdziak, Cassandra and Moon, Kevin R and Chaffer, Christine L and Pattabiraman, Diwakar and others},
  journal={Cell},
  volume={174},
  number={3},
  pages={716--729},
  year={2018},
  publisher={Elsevier}
}