@book{kernighan2006c,
  title={The C programming language},
  author={Kernighan, Brian W and Ritchie, Dennis M},
  year={2006}
}