@book{wasserman2013all,
  title={All of statistics: a concise course in statistical inference},
  author={Wasserman, Larry},
  year={2013},
  publisher={Springer Science \& Business Media}
}
@book{telmo-correa/all-of-statistics,
  title={https://github.com/telmo-correa/all-of-statistics}
}

