@book{friedman2001elements,
  title={The elements of statistical learning},
  author={Friedman, Jerome and Hastie, Trevor and Tibshirani, Robert and others},
  volume={1},
  number={10},
  year={2001},
  publisher={Springer series in statistics New York}
}
