@book{HaroldSICP,
  title={Structure and Interpretation of Computer Programs},
  author={Abelson, Harold; Sussman, Gerald Jay},
  year={1996},
  publisher={The MIT Press. ISBN 9780262510875}
}