@book{rudin2006real,
  title={Real and complex analysis},
  author={Rudin, Walter},
  year={2006},
  publisher={Tata McGraw-hill education}
}